@article{MapReduce:CACM:08,
  author    = {Jeffrey Dean and
               Sanjay Ghemawat},
  title     = {{MapReduce: simplified data processing on large clusters}},
  journal   = {Commun. ACM},
  volume    = {51},
  number    = {1},
  year      = {2008},
  pages     = {107-113}
}

@book{Hadoop:OReilly:09,
 author = {White, Tom},
 title = {{Hadoop: The Definitive Guide}},
 year = {2009},
 isbn = {0596521979, 9780596521974},
 edition = {1st},
 publisher = {O'Reilly Media, Inc.},
}

@inproceedings{Hive:ICDE:2010,
  author    = {Ashish Thusoo and
               Joydeep Sen Sarma and
               Namit Jain and
               Zheng Shao and
               Prasad Chakka and
               Ning Zhang and
               Suresh Anthony and
               Hao Liu and
               Raghotham Murthy},
  title     = {{Hive - a petabyte scale data warehouse using Hadoop}},
  booktitle = {ICDE},
  year      = {2010},
  pages     = {996-1005}
}

@article{Pig:PVLDB:2009,
  author    = {Alan Gates and
               Olga Natkovich and
               Shubham Chopra and
               Pradeep Kamath and
               Shravan Narayanam and
               Christopher Olston and
               Benjamin Reed and
               Santhosh Srinivasan and
               Utkarsh Srivastava},
  title     = {{Building a HighLevel Dataflow System on top of MapReduce:
               The Pig Experience}},
  journal   = {PVLDB},
  volume    = {2},
  number    = {2},
  year      = {2009},
  pages     = {1414-1425}
}

@article{HadoopPP:PVLDB:2010,
  author    = {Jens Dittrich and
               Jorge-Arnulfo Quian{\'e}-Ruiz and
               Alekh Jindal and
               Yagiz Kargin and
               Vinay Setty and
               J{\"o}rg Schad},
  title     = {{Hadoop++: Making a Yellow Elephant Run Like a Cheetah (Without
               It Even Noticing)}},
  journal   = {PVLDB},
  volume    = {3},
  number    = {1},
  year      = {2010}
}


@article{HAIL:PVLDB:2012,
  author    = {Jens Dittrich and
               Jorge-Arnulfo Quian{\'e}-Ruiz and
               Stefan Richter and
               Stefan Schuh and
               Alekh Jindal and
               J{\"o}rg Schad},
  title     = {{Only Aggressive Elephants are Fast Elephants}},
  journal   = {PVLDB},
  volume    = {5},
  number    = {11},
  year      = {2012},
  pages     = {1591-1602}
}

@inproceedings{HadoopDB:SIGMOD:2010,
  author    = {Azza Abouzied and
               Kamil Bajda-Pawlikowski and
               Jiewen Huang and
               Daniel J. Abadi and
               Avi Silberschatz},
  title     = {{HadoopDB in action: building real world applications}},
  booktitle = {SIGMOD Conference},
  year      = {2010},
  pages     = {1111-1114}
}

@inproceedings{FunSQL:DANAC:2012,
  author    = {Carsten Binnig and
               Robin Rehrmann and
               Franz Faerber and
               Rudolf Riewe},
  title     = {{FunSQL: it is time to make SQL functional}},
  booktitle = {EDBT/ICDT Workshops},
  year      = {2012},
  pages     = {41-46}
}

@inproceedings{Card:BTW:2013,
  author    = {Thomas Neumann and
               Cesar Galindo-Legaria},
  title     = {{Taking the Edge off Cardinality Estimation Errors using
               Incremental Execution}},
  booktitle = {BTW},
  year      = {2013},
  pages     = {73-92}
}

@inproceedings{Hadapt:SIGMOD:2011,
  author    = {Kamil Bajda-Pawlikowski and
               Daniel J. Abadi and
               Avi Silberschatz and
               Erik Paulson},
  title     = {{Efficient processing of data warehousing queries in a split
               execution environment}},
  booktitle = {SIGMOD Conference},
  year      = {2011},
  pages     = {1165-1176}
}

@inproceedings{Clydesdale:EDBT:2012,
  author    = {Tim Kaldewey and
               Eugene J. Shekita and
               Sandeep Tata},
  title     = {{Clydesdale: structured data processing on MapReduce}},
  booktitle = {EDBT},
  year      = {2012},
  pages     = {15-25}
}

@inproceedings{Osprey:EDBT:2012,
  author    = {Christopher Yang and Christine Yen and Ceryen Tan and Samuel Madden},
  title     = {{ Osprey: Implementing MapReduce-style fault tolerance in a shared-nothing distributed database}},
  booktitle = {ICDE},
  year = {2010},
  pages = {657-668}
}

@inproceedings{FOpt:SIGMOD:2011,
  author    = {Prasang Upadhyaya and YongChul Kwon and Magdalena Balazinska},
  title = {{A latency and fault-tolerance optimizer for online parallel query plans}},
  booktitle = {SIGMOD Conference},
  year      = {2011},
  pages     = {241-252}
}